@article{Beyer2011,
address = {New York, New York, USA},
author = {Beyer, Gilbert and Alt, Florian and M\"{u}ller, J\"{o}rg and Schmidt, Albrecht and Isakovic, Karsten and Klose, Stefan and Schiewe, Manuel and Haulsen, Ivo},
doi = {10.1145/1978942.1979095},
file = {:D$\backslash$:/Dropbox/Studium/14WS Masterarbeit/Masterarbeit/Papers/Appendix I/4 CHI11BeyerCylindrical.pdf:pdf},
isbn = {9781450302289},
journal = {Proceedings of the 2011 annual conference on Human factors in computing systems - CHI '11},
mendeley-groups = {LMU/Masterarbeit/Appendix des Buchs},
number = {1},
pages = {1021},
publisher = {ACM Press},
title = {{Audience behavior around large interactive cylindrical screens}},
url = {http://dl.acm.org/citation.cfm?doid=1978942.1979095},
year = {2011}
}




BOOKS - SECTION

@book{hughes2012einfuhrung,
  title={Einf{\"u}hrung in Node. js},
  author={Hughes-Croucher, Tom and Wilson, Mike},
  url={https://books.google.de/books?id=gVjQJKke6qgC},
  year={2012},
  publisher={O'Reilly Germany}
}